@techreport{first_riscv,
    Author= {Waterman, Andrew and Lee, Yunsup and Patterson, David A. and AsanoviÄ‡, Krste},
    Title= {The RISC-V Instruction Set Manual, Volume I: Base User-Level ISA},
    Year= {2011},
    Month= {May},
    Url= {http://www2.eecs.berkeley.edu/Pubs/TechRpts/2011/EECS-2011-62.html},
    Number= {UCB/EECS-2011-62},
}